%YAML 1.1
%TAG !u! tag:unity3d.com,2011:
--- !u!1 &2341673564732560747
GameObject:
  m_ObjectHideFlags: 0
  m_CorrespondingSourceObject: {fileID: 0}
  m_PrefabInstance: {fileID: 0}
  m_PrefabAsset: {fileID: 0}
  serializedVersion: 6
  m_Component:
  - component: {fileID: 2341673564732560746}
  m_Layer: 0
  m_Name: BoardPattern 1
  m_TagString: Untagged
  m_Icon: {fileID: 0}
  m_NavMeshLayer: 0
  m_StaticEditorFlags: 0
  m_IsActive: 1
--- !u!4 &2341673564732560746
Transform:
  m_ObjectHideFlags: 0
  m_CorrespondingSourceObject: {fileID: 0}
  m_PrefabInstance: {fileID: 0}
  m_PrefabAsset: {fileID: 0}
  m_GameObject: {fileID: 2341673564732560747}
  m_LocalRotation: {x: 0, y: 0, z: 0, w: 1}
  m_LocalPosition: {x: 16.1, y: 0, z: 34.600002}
  m_LocalScale: {x: 1, y: 1, z: 1}
  m_Children:
  - {fileID: 8965322859835773503}
  - {fileID: 8965322860896068575}
  - {fileID: 565312995146318582}
  - {fileID: 7591719123196847448}
  - {fileID: 6618623418994108489}
  - {fileID: 4691767078683246672}
  m_Father: {fileID: 0}
  m_RootOrder: 0
  m_LocalEulerAnglesHint: {x: 0, y: 0, z: 0}
--- !u!1001 &562493628992558336
PrefabInstance:
  m_ObjectHideFlags: 0
  serializedVersion: 2
  m_Modification:
    m_TransformParent: {fileID: 2341673564732560746}
    m_Modifications:
    - target: {fileID: 6635053594397392201, guid: 58a574f8edc1ba34aad60fa6d956fc46,
        type: 3}
      propertyPath: m_LocalPosition.x
      value: 1.7999992
      objectReference: {fileID: 0}
    - target: {fileID: 6635053594397392201, guid: 58a574f8edc1ba34aad60fa6d956fc46,
        type: 3}
      propertyPath: m_LocalPosition.y
      value: 0
      objectReference: {fileID: 0}
    - target: {fileID: 6635053594397392201, guid: 58a574f8edc1ba34aad60fa6d956fc46,
        type: 3}
      propertyPath: m_LocalPosition.z
      value: 4.5999985
      objectReference: {fileID: 0}
    - target: {fileID: 6635053594397392201, guid: 58a574f8edc1ba34aad60fa6d956fc46,
        type: 3}
      propertyPath: m_LocalRotation.x
      value: -0
      objectReference: {fileID: 0}
    - target: {fileID: 6635053594397392201, guid: 58a574f8edc1ba34aad60fa6d956fc46,
        type: 3}
      propertyPath: m_LocalRotation.y
      value: -0
      objectReference: {fileID: 0}
    - target: {fileID: 6635053594397392201, guid: 58a574f8edc1ba34aad60fa6d956fc46,
        type: 3}
      propertyPath: m_LocalRotation.z
      value: -0
      objectReference: {fileID: 0}
    - target: {fileID: 6635053594397392201, guid: 58a574f8edc1ba34aad60fa6d956fc46,
        type: 3}
      propertyPath: m_LocalRotation.w
      value: 1
      objectReference: {fileID: 0}
    - target: {fileID: 6635053594397392201, guid: 58a574f8edc1ba34aad60fa6d956fc46,
        type: 3}
      propertyPath: m_RootOrder
      value: 4
      objectReference: {fileID: 0}
    - target: {fileID: 6635053594397392201, guid: 58a574f8edc1ba34aad60fa6d956fc46,
        type: 3}
      propertyPath: m_LocalEulerAnglesHint.x
      value: 0
      objectReference: {fileID: 0}
    - target: {fileID: 6635053594397392201, guid: 58a574f8edc1ba34aad60fa6d956fc46,
        type: 3}
      propertyPath: m_LocalEulerAnglesHint.y
      value: 0
      objectReference: {fileID: 0}
    - target: {fileID: 6635053594397392201, guid: 58a574f8edc1ba34aad60fa6d956fc46,
        type: 3}
      propertyPath: m_LocalEulerAnglesHint.z
      value: 0
      objectReference: {fileID: 0}
    - target: {fileID: 6635053594397392202, guid: 58a574f8edc1ba34aad60fa6d956fc46,
        type: 3}
      propertyPath: m_Name
      value: Board (4)
      objectReference: {fileID: 0}
    m_RemovedComponents: []
  m_SourcePrefab: {fileID: 100100000, guid: 58a574f8edc1ba34aad60fa6d956fc46, type: 3}
--- !u!4 &6618623418994108489 stripped
Transform:
  m_CorrespondingSourceObject: {fileID: 6635053594397392201, guid: 58a574f8edc1ba34aad60fa6d956fc46,
    type: 3}
  m_PrefabInstance: {fileID: 562493628992558336}
  m_PrefabAsset: {fileID: 0}
--- !u!1001 &2341673563604348790
PrefabInstance:
  m_ObjectHideFlags: 0
  serializedVersion: 2
  m_Modification:
    m_TransformParent: {fileID: 2341673564732560746}
    m_Modifications:
    - target: {fileID: 6635053594397392201, guid: 58a574f8edc1ba34aad60fa6d956fc46,
        type: 3}
      propertyPath: m_LocalPosition.x
      value: 1.7999992
      objectReference: {fileID: 0}
    - target: {fileID: 6635053594397392201, guid: 58a574f8edc1ba34aad60fa6d956fc46,
        type: 3}
      propertyPath: m_LocalPosition.y
      value: 0
      objectReference: {fileID: 0}
    - target: {fileID: 6635053594397392201, guid: 58a574f8edc1ba34aad60fa6d956fc46,
        type: 3}
      propertyPath: m_LocalPosition.z
      value: 3.7999992
      objectReference: {fileID: 0}
    - target: {fileID: 6635053594397392201, guid: 58a574f8edc1ba34aad60fa6d956fc46,
        type: 3}
      propertyPath: m_LocalRotation.x
      value: -0
      objectReference: {fileID: 0}
    - target: {fileID: 6635053594397392201, guid: 58a574f8edc1ba34aad60fa6d956fc46,
        type: 3}
      propertyPath: m_LocalRotation.y
      value: -0
      objectReference: {fileID: 0}
    - target: {fileID: 6635053594397392201, guid: 58a574f8edc1ba34aad60fa6d956fc46,
        type: 3}
      propertyPath: m_LocalRotation.z
      value: -0
      objectReference: {fileID: 0}
    - target: {fileID: 6635053594397392201, guid: 58a574f8edc1ba34aad60fa6d956fc46,
        type: 3}
      propertyPath: m_LocalRotation.w
      value: 1
      objectReference: {fileID: 0}
    - target: {fileID: 6635053594397392201, guid: 58a574f8edc1ba34aad60fa6d956fc46,
        type: 3}
      propertyPath: m_RootOrder
      value: 0
      objectReference: {fileID: 0}
    - target: {fileID: 6635053594397392201, guid: 58a574f8edc1ba34aad60fa6d956fc46,
        type: 3}
      propertyPath: m_LocalEulerAnglesHint.x
      value: 0
      objectReference: {fileID: 0}
    - target: {fileID: 6635053594397392201, guid: 58a574f8edc1ba34aad60fa6d956fc46,
        type: 3}
      propertyPath: m_LocalEulerAnglesHint.y
      value: 0
      objectReference: {fileID: 0}
    - target: {fileID: 6635053594397392201, guid: 58a574f8edc1ba34aad60fa6d956fc46,
        type: 3}
      propertyPath: m_LocalEulerAnglesHint.z
      value: 0
      objectReference: {fileID: 0}
    - target: {fileID: 6635053594397392202, guid: 58a574f8edc1ba34aad60fa6d956fc46,
        type: 3}
      propertyPath: m_Name
      value: Board
      objectReference: {fileID: 0}
    m_RemovedComponents: []
  m_SourcePrefab: {fileID: 100100000, guid: 58a574f8edc1ba34aad60fa6d956fc46, type: 3}
--- !u!4 &8965322859835773503 stripped
Transform:
  m_CorrespondingSourceObject: {fileID: 6635053594397392201, guid: 58a574f8edc1ba34aad60fa6d956fc46,
    type: 3}
  m_PrefabInstance: {fileID: 2341673563604348790}
  m_PrefabAsset: {fileID: 0}
--- !u!1001 &2341673564699762326
PrefabInstance:
  m_ObjectHideFlags: 0
  serializedVersion: 2
  m_Modification:
    m_TransformParent: {fileID: 2341673564732560746}
    m_Modifications:
    - target: {fileID: 6635053594397392201, guid: 58a574f8edc1ba34aad60fa6d956fc46,
        type: 3}
      propertyPath: m_LocalPosition.x
      value: 1.8000001
      objectReference: {fileID: 0}
    - target: {fileID: 6635053594397392201, guid: 58a574f8edc1ba34aad60fa6d956fc46,
        type: 3}
      propertyPath: m_LocalPosition.y
      value: 0
      objectReference: {fileID: 0}
    - target: {fileID: 6635053594397392201, guid: 58a574f8edc1ba34aad60fa6d956fc46,
        type: 3}
      propertyPath: m_LocalPosition.z
      value: 1.4
      objectReference: {fileID: 0}
    - target: {fileID: 6635053594397392201, guid: 58a574f8edc1ba34aad60fa6d956fc46,
        type: 3}
      propertyPath: m_LocalRotation.x
      value: -0
      objectReference: {fileID: 0}
    - target: {fileID: 6635053594397392201, guid: 58a574f8edc1ba34aad60fa6d956fc46,
        type: 3}
      propertyPath: m_LocalRotation.y
      value: -0
      objectReference: {fileID: 0}
    - target: {fileID: 6635053594397392201, guid: 58a574f8edc1ba34aad60fa6d956fc46,
        type: 3}
      propertyPath: m_LocalRotation.z
      value: -0
      objectReference: {fileID: 0}
    - target: {fileID: 6635053594397392201, guid: 58a574f8edc1ba34aad60fa6d956fc46,
        type: 3}
      propertyPath: m_LocalRotation.w
      value: 1
      objectReference: {fileID: 0}
    - target: {fileID: 6635053594397392201, guid: 58a574f8edc1ba34aad60fa6d956fc46,
        type: 3}
      propertyPath: m_RootOrder
      value: 1
      objectReference: {fileID: 0}
    - target: {fileID: 6635053594397392201, guid: 58a574f8edc1ba34aad60fa6d956fc46,
        type: 3}
      propertyPath: m_LocalEulerAnglesHint.x
      value: 0
      objectReference: {fileID: 0}
    - target: {fileID: 6635053594397392201, guid: 58a574f8edc1ba34aad60fa6d956fc46,
        type: 3}
      propertyPath: m_LocalEulerAnglesHint.y
      value: 0
      objectReference: {fileID: 0}
    - target: {fileID: 6635053594397392201, guid: 58a574f8edc1ba34aad60fa6d956fc46,
        type: 3}
      propertyPath: m_LocalEulerAnglesHint.z
      value: 0
      objectReference: {fileID: 0}
    - target: {fileID: 6635053594397392202, guid: 58a574f8edc1ba34aad60fa6d956fc46,
        type: 3}
      propertyPath: m_Name
      value: Board (1)
      objectReference: {fileID: 0}
    m_RemovedComponents: []
  m_SourcePrefab: {fileID: 100100000, guid: 58a574f8edc1ba34aad60fa6d956fc46, type: 3}
--- !u!4 &8965322860896068575 stripped
Transform:
  m_CorrespondingSourceObject: {fileID: 6635053594397392201, guid: 58a574f8edc1ba34aad60fa6d956fc46,
    type: 3}
  m_PrefabInstance: {fileID: 2341673564699762326}
  m_PrefabAsset: {fileID: 0}
--- !u!1001 &3841366277575415825
PrefabInstance:
  m_ObjectHideFlags: 0
  serializedVersion: 2
  m_Modification:
    m_TransformParent: {fileID: 2341673564732560746}
    m_Modifications:
    - target: {fileID: 6635053594397392201, guid: 58a574f8edc1ba34aad60fa6d956fc46,
        type: 3}
      propertyPath: m_LocalPosition.x
      value: 1.8000001
      objectReference: {fileID: 0}
    - target: {fileID: 6635053594397392201, guid: 58a574f8edc1ba34aad60fa6d956fc46,
        type: 3}
      propertyPath: m_LocalPosition.y
      value: 0
      objectReference: {fileID: 0}
    - target: {fileID: 6635053594397392201, guid: 58a574f8edc1ba34aad60fa6d956fc46,
        type: 3}
      propertyPath: m_LocalPosition.z
      value: 2.2
      objectReference: {fileID: 0}
    - target: {fileID: 6635053594397392201, guid: 58a574f8edc1ba34aad60fa6d956fc46,
        type: 3}
      propertyPath: m_LocalRotation.x
      value: -0
      objectReference: {fileID: 0}
    - target: {fileID: 6635053594397392201, guid: 58a574f8edc1ba34aad60fa6d956fc46,
        type: 3}
      propertyPath: m_LocalRotation.y
      value: -0
      objectReference: {fileID: 0}
    - target: {fileID: 6635053594397392201, guid: 58a574f8edc1ba34aad60fa6d956fc46,
        type: 3}
      propertyPath: m_LocalRotation.z
      value: -0
      objectReference: {fileID: 0}
    - target: {fileID: 6635053594397392201, guid: 58a574f8edc1ba34aad60fa6d956fc46,
        type: 3}
      propertyPath: m_LocalRotation.w
      value: 1
      objectReference: {fileID: 0}
    - target: {fileID: 6635053594397392201, guid: 58a574f8edc1ba34aad60fa6d956fc46,
        type: 3}
      propertyPath: m_RootOrder
      value: 3
      objectReference: {fileID: 0}
    - target: {fileID: 6635053594397392201, guid: 58a574f8edc1ba34aad60fa6d956fc46,
        type: 3}
      propertyPath: m_LocalEulerAnglesHint.x
      value: 0
      objectReference: {fileID: 0}
    - target: {fileID: 6635053594397392201, guid: 58a574f8edc1ba34aad60fa6d956fc46,
        type: 3}
      propertyPath: m_LocalEulerAnglesHint.y
      value: 0
      objectReference: {fileID: 0}
    - target: {fileID: 6635053594397392201, guid: 58a574f8edc1ba34aad60fa6d956fc46,
        type: 3}
      propertyPath: m_LocalEulerAnglesHint.z
      value: 0
      objectReference: {fileID: 0}
    - target: {fileID: 6635053594397392202, guid: 58a574f8edc1ba34aad60fa6d956fc46,
        type: 3}
      propertyPath: m_Name
      value: Board (3)
      objectReference: {fileID: 0}
    m_RemovedComponents: []
  m_SourcePrefab: {fileID: 100100000, guid: 58a574f8edc1ba34aad60fa6d956fc46, type: 3}
--- !u!4 &7591719123196847448 stripped
Transform:
  m_CorrespondingSourceObject: {fileID: 6635053594397392201, guid: 58a574f8edc1ba34aad60fa6d956fc46,
    type: 3}
  m_PrefabInstance: {fileID: 3841366277575415825}
  m_PrefabAsset: {fileID: 0}
--- !u!1001 &6614687497172025279
PrefabInstance:
  m_ObjectHideFlags: 0
  serializedVersion: 2
  m_Modification:
    m_TransformParent: {fileID: 2341673564732560746}
    m_Modifications:
    - target: {fileID: 6635053594397392201, guid: 58a574f8edc1ba34aad60fa6d956fc46,
        type: 3}
      propertyPath: m_LocalPosition.x
      value: 1.7999992
      objectReference: {fileID: 0}
    - target: {fileID: 6635053594397392201, guid: 58a574f8edc1ba34aad60fa6d956fc46,
        type: 3}
      propertyPath: m_LocalPosition.y
      value: 0
      objectReference: {fileID: 0}
    - target: {fileID: 6635053594397392201, guid: 58a574f8edc1ba34aad60fa6d956fc46,
        type: 3}
      propertyPath: m_LocalPosition.z
      value: 3
      objectReference: {fileID: 0}
    - target: {fileID: 6635053594397392201, guid: 58a574f8edc1ba34aad60fa6d956fc46,
        type: 3}
      propertyPath: m_LocalRotation.x
      value: -0
      objectReference: {fileID: 0}
    - target: {fileID: 6635053594397392201, guid: 58a574f8edc1ba34aad60fa6d956fc46,
        type: 3}
      propertyPath: m_LocalRotation.y
      value: -0
      objectReference: {fileID: 0}
    - target: {fileID: 6635053594397392201, guid: 58a574f8edc1ba34aad60fa6d956fc46,
        type: 3}
      propertyPath: m_LocalRotation.z
      value: -0
      objectReference: {fileID: 0}
    - target: {fileID: 6635053594397392201, guid: 58a574f8edc1ba34aad60fa6d956fc46,
        type: 3}
      propertyPath: m_LocalRotation.w
      value: 1
      objectReference: {fileID: 0}
    - target: {fileID: 6635053594397392201, guid: 58a574f8edc1ba34aad60fa6d956fc46,
        type: 3}
      propertyPath: m_RootOrder
      value: 2
      objectReference: {fileID: 0}
    - target: {fileID: 6635053594397392201, guid: 58a574f8edc1ba34aad60fa6d956fc46,
        type: 3}
      propertyPath: m_LocalEulerAnglesHint.x
      value: 0
      objectReference: {fileID: 0}
    - target: {fileID: 6635053594397392201, guid: 58a574f8edc1ba34aad60fa6d956fc46,
        type: 3}
      propertyPath: m_LocalEulerAnglesHint.y
      value: 0
      objectReference: {fileID: 0}
    - target: {fileID: 6635053594397392201, guid: 58a574f8edc1ba34aad60fa6d956fc46,
        type: 3}
      propertyPath: m_LocalEulerAnglesHint.z
      value: 0
      objectReference: {fileID: 0}
    - target: {fileID: 6635053594397392202, guid: 58a574f8edc1ba34aad60fa6d956fc46,
        type: 3}
      propertyPath: m_Name
      value: Board (2)
      objectReference: {fileID: 0}
    m_RemovedComponents: []
  m_SourcePrefab: {fileID: 100100000, guid: 58a574f8edc1ba34aad60fa6d956fc46, type: 3}
--- !u!4 &565312995146318582 stripped
Transform:
  m_CorrespondingSourceObject: {fileID: 6635053594397392201, guid: 58a574f8edc1ba34aad60fa6d956fc46,
    type: 3}
  m_PrefabInstance: {fileID: 6614687497172025279}
  m_PrefabAsset: {fileID: 0}
--- !u!1001 &8345703244252070055
PrefabInstance:
  m_ObjectHideFlags: 0
  serializedVersion: 2
  m_Modification:
    m_TransformParent: {fileID: 2341673564732560746}
    m_Modifications:
    - target: {fileID: 3660693873739546868, guid: 7e85d8420e4ed934d9f4eb3c09d00cb9,
        type: 3}
      propertyPath: m_Name
      value: BoardHeap
      objectReference: {fileID: 0}
    - target: {fileID: 3660693873739546871, guid: 7e85d8420e4ed934d9f4eb3c09d00cb9,
        type: 3}
      propertyPath: m_LocalPosition.x
      value: 1.7999992
      objectReference: {fileID: 0}
    - target: {fileID: 3660693873739546871, guid: 7e85d8420e4ed934d9f4eb3c09d00cb9,
        type: 3}
      propertyPath: m_LocalPosition.y
      value: 0
      objectReference: {fileID: 0}
    - target: {fileID: 3660693873739546871, guid: 7e85d8420e4ed934d9f4eb3c09d00cb9,
        type: 3}
      propertyPath: m_LocalPosition.z
      value: 5.699997
      objectReference: {fileID: 0}
    - target: {fileID: 3660693873739546871, guid: 7e85d8420e4ed934d9f4eb3c09d00cb9,
        type: 3}
      propertyPath: m_LocalRotation.x
      value: 0
      objectReference: {fileID: 0}
    - target: {fileID: 3660693873739546871, guid: 7e85d8420e4ed934d9f4eb3c09d00cb9,
        type: 3}
      propertyPath: m_LocalRotation.y
      value: 0
      objectReference: {fileID: 0}
    - target: {fileID: 3660693873739546871, guid: 7e85d8420e4ed934d9f4eb3c09d00cb9,
        type: 3}
      propertyPath: m_LocalRotation.z
      value: 0
      objectReference: {fileID: 0}
    - target: {fileID: 3660693873739546871, guid: 7e85d8420e4ed934d9f4eb3c09d00cb9,
        type: 3}
      propertyPath: m_LocalRotation.w
      value: 1
      objectReference: {fileID: 0}
    - target: {fileID: 3660693873739546871, guid: 7e85d8420e4ed934d9f4eb3c09d00cb9,
        type: 3}
      propertyPath: m_RootOrder
      value: 5
      objectReference: {fileID: 0}
    - target: {fileID: 3660693873739546871, guid: 7e85d8420e4ed934d9f4eb3c09d00cb9,
        type: 3}
      propertyPath: m_LocalEulerAnglesHint.x
      value: 0
      objectReference: {fileID: 0}
    - target: {fileID: 3660693873739546871, guid: 7e85d8420e4ed934d9f4eb3c09d00cb9,
        type: 3}
      propertyPath: m_LocalEulerAnglesHint.y
      value: 0
      objectReference: {fileID: 0}
    - target: {fileID: 3660693873739546871, guid: 7e85d8420e4ed934d9f4eb3c09d00cb9,
        type: 3}
      propertyPath: m_LocalEulerAnglesHint.z
      value: 0
      objectReference: {fileID: 0}
    m_RemovedComponents: []
  m_SourcePrefab: {fileID: 100100000, guid: 7e85d8420e4ed934d9f4eb3c09d00cb9, type: 3}
--- !u!4 &4691767078683246672 stripped
Transform:
  m_CorrespondingSourceObject: {fileID: 3660693873739546871, guid: 7e85d8420e4ed934d9f4eb3c09d00cb9,
    type: 3}
  m_PrefabInstance: {fileID: 8345703244252070055}
  m_PrefabAsset: {fileID: 0}
